<?xml version="1.0" encoding="UTF-8"?>
<zs:searchRetrieveResponse xmlns:zs="http://www.loc.gov/zing/srw/">
  <zs:version>1.1</zs:version>
  <zs:numberOfRecords>5</zs:numberOfRecords>
  <zs:records>
    <zs:record>
      <zs:recordSchema/>
      <zs:recordPacking>xml</zs:recordPacking>
      <zs:recordData>
        <record xmlns="http://www.loc.gov/MARC21/slim">
          <leader>01459cam a22003497a 4500</leader>
          <controlfield tag="001">16890714</controlfield>
          <controlfield tag="005">20110729070339.0</controlfield>
          <controlfield tag="008">110727s2011    enkab    b    001 0 eng d</controlfield>
          <datafield tag="906" ind1=" " ind2=" ">
            <subfield code="a">7</subfield>
            <subfield code="b">cbc</subfield>
            <subfield code="c">copycat</subfield>
            <subfield code="d">2</subfield>
            <subfield code="e">ncip</subfield>
            <subfield code="f">20</subfield>
            <subfield code="g">y-gencatlg</subfield>
          </datafield>
          <datafield tag="925" ind1="0" ind2=" ">
            <subfield code="a">acquire</subfield>
            <subfield code="b">2 shelf copies</subfield>
            <subfield code="x">policy default</subfield>
          </datafield>
          <datafield tag="955" ind1=" " ind2=" ">
            <subfield code="b">hf07 2011-07-27 z-processor</subfield>
            <subfield code="i">hf07 2011-07-29 to BCCD</subfield>
          </datafield>
          <datafield tag="010" ind1=" " ind2=" ">
            <subfield code="a">  2010467720</subfield>
          </datafield>
          <datafield tag="020" ind1=" " ind2=" ">
            <subfield code="a">9781841940731</subfield>
          </datafield>
          <datafield tag="020" ind1=" " ind2=" ">
            <subfield code="a">1841940739</subfield>
          </datafield>
          <datafield tag="035" ind1=" " ind2=" ">
            <subfield code="a">(OCoLC)ocn688585664</subfield>
          </datafield>
          <datafield tag="040" ind1=" " ind2=" ">
            <subfield code="a">YDXCP</subfield>
            <subfield code="c">YDXCP</subfield>
            <subfield code="d">CDX</subfield>
            <subfield code="d">BWX</subfield>
            <subfield code="d">INT</subfield>
            <subfield code="d">DLC</subfield>
          </datafield>
          <datafield tag="042" ind1=" " ind2=" ">
            <subfield code="a">lccopycat</subfield>
          </datafield>
          <datafield tag="043" ind1=" " ind2=" ">
            <subfield code="a">e-uk-en</subfield>
          </datafield>
          <datafield tag="050" ind1="0" ind2="0">
            <subfield code="a">DA670.E7</subfield>
            <subfield code="b">I44 2011</subfield>
          </datafield>
          <datafield tag="100" ind1="1" ind2=" ">
            <subfield code="a">Ingle, Caroline.</subfield>
          </datafield>
          <datafield tag="245" ind1="1" ind2="0">
            <subfield code="a">Aerial archaeology in Essex :</subfield>
            <subfield code="b">the role of the National Mapping Programme in interpreting the landscape /</subfield>
            <subfield code="c">by Caroline Ingle and Helen Saunders ; with illustrations by Helen Saunders.</subfield>
          </datafield>
          <datafield tag="260" ind1=" " ind2=" ">
            <subfield code="a">Chelmsford :</subfield>
            <subfield code="b">Historic Environment, Essex City Council,</subfield>
            <subfield code="c">2011.</subfield>
          </datafield>
          <datafield tag="300" ind1=" " ind2=" ">
            <subfield code="a">xii, 198 p. :</subfield>
            <subfield code="b">ill. (some col.), maps ;</subfield>
            <subfield code="c">30 cm.</subfield>
          </datafield>
          <datafield tag="490" ind1="1" ind2=" ">
            <subfield code="a">East Anglian archaeology ;</subfield>
            <subfield code="v">rept. no. 136</subfield>
          </datafield>
          <datafield tag="504" ind1=" " ind2=" ">
            <subfield code="a">Includes bibliographical references (p. 180-187) and index.</subfield>
          </datafield>
          <datafield tag="651" ind1=" " ind2="0">
            <subfield code="a">Essex (England)</subfield>
            <subfield code="x">Antiquities.</subfield>
          </datafield>
          <datafield tag="651" ind1=" " ind2="0">
            <subfield code="a">Essex (England)</subfield>
            <subfield code="v">Aerial photographs.</subfield>
          </datafield>
          <datafield tag="650" ind1=" " ind2="0">
            <subfield code="a">Aerial photography in archaeology</subfield>
            <subfield code="z">England</subfield>
            <subfield code="z">Essex.</subfield>
          </datafield>
          <datafield tag="610" ind1="2" ind2="0">
            <subfield code="a">National Mapping Programme (Great Britain)</subfield>
          </datafield>
          <datafield tag="700" ind1="1" ind2=" ">
            <subfield code="a">Saunders, Helen.</subfield>
          </datafield>
          <datafield tag="830" ind1=" " ind2="0">
            <subfield code="a">East Anglian archaeology ;</subfield>
            <subfield code="v">rept. no. 136.</subfield>
          </datafield>
          <datafield tag="923" ind1=" " ind2=" ">
            <subfield code="a">purchase</subfield>
            <subfield code="d">20110711</subfield>
            <subfield code="n">360982</subfield>
            <subfield code="s">YBP Library Services</subfield>
          </datafield>
        </record>
      </zs:recordData>
      <zs:recordPosition>1</zs:recordPosition>
    </zs:record>